% Let's keep this alphabetic. Also, no need to over-cite; this is a textbook for beginning students, not a comprehensive monograph.

@string{acm-cs = "{ACM} Computing Surveys"}
@string{acm-toplas = "{ACM} Transactions on Programming Languages and Systems"}
@string{cacm = "Communications of the ACM"}                  
@string{ieee-cm = "{IEEE} Communications Magazine"}
@string{internet-rfc = "Internet Request For Comments"};
@string{conf = "Conference"}
@string{proc = "Proceedings"}
% these are defined some places, not others
@string{ieee-proc = proc # "{IEEE}"}
@string{ton = "{IEEE/ACM} Transactions on Networking"};
@string{ieee-tc = "{IEEE} Transactions on Computers"};
@string{rmp = "Review of Modern Physics"}
@string{prl = "Physical Review Letters"}
@string{pra = "Physical Review A"}
@string{prb = "Physical Review B"}
@string{apl = "Applied Physics Letters"}
@string{qic = "Quantum Information and Computation"}
@string{qip = "Quantum Information Processing"}
@string{njp = "New Journal of Physics"}
@string{jmp = "Journal of Mathematical Physics"}
@string{ieee-nano = "IEEE Trans. on Nanotechnology"}
@string{jsac = "IEEE Journal on Selected Areas in Communications"}
@string{jetc = "{ACM} Journal of Emerging Technologies in Computing Systems"}
@string{cp = "Contemporary Physics"}
@string{pla = "Physics Letters A"}
@string{jpb = "Journal of Physics B"}

@article{bennett:teleportation,
  author = 	 {C. H. Bennett and G. Brassard and C. Cr\'{e}peau and
                  R. Josza and A. Peres and W. Wootters},
  title = 	 {Teleporting an unknown quantum state via dual
                  classical and {EPR} channels},
  journal =	 prl,
  volume = 	 70,
  pages =	 {1895--1899},
  year =	 1993,
  URL = {http://journals.aps.org/prl/abstract/10.1103/PhysRevLett.70.1895},
  comment = {Major paper, of course. Eq. 7 even defines the Bell states for qudits, though it doesn't use that term.}
}

@InProceedings{bennett:bb84,
  author = 	 {C. H. Bennett and G. Brassard},
  title = 	 {Quantum cryptography: Public key distribution and
                  coin tossing},
  booktitle =	 {Proc. IEEE International Conference on Computers,
                  Systems, and Signal Processing},
  pages =	 {175--179},
  year =	 1984,
  month =	 dec,
  publisher =	 {IEEE},
  URL = 	 {http://www.research.ibm.com/people/b/bennetc/bennettc198469790513.pdf}
}

@book{bishop2002art,
  title={Computer Security: Art and Science},
  author={Bishop, Matthew A},
  year={2018},
  edition={2nd},
  publisher={Addison-Wesley Professional},
  isbn = {0-321-71233-1}
}

@article{bouwmeester:ghz,
  title = {Observation of Three-Photon Greenberger-Horne-Zeilinger Entanglement},
  author = {Bouwmeester, Dik and Pan, Jian-Wei and Daniell, Matthew and Weinfurter, Harald and Zeilinger, Anton},
  journal = {Phys. Rev. Lett.},
  volume = {82},
  issue = {7},
  pages = {1345--1349},
  numpages = {0},
  year = {1999},
  month = {Feb},
  publisher = {American Physical Society},
  doi = {10.1103/PhysRevLett.82.1345},
  url = {https://link.aps.org/doi/10.1103/PhysRevLett.82.1345}
}

@Article{briegel98:_quant_repeater,
  author = 	 {H.-J. Briegel and W. D\"ur and J.I. Cirac and P. Zoller},
  title = 	 {Quantum Repeaters: the Role of Imperfect Local
                  Operations in Quantum Communication},
  journal = 	 prl,
  year = 	 1998,
  volume =	 81,
  pages =	 {5932--5935}
}

@techreport{RFC0675,
  author = {Vinton Cerf and Yogen Dalal and Carl Sunshine},
  title = {Specification of Internet Transmission Control Program},
  howpublished = {Internet Requests for Comments},
  type = {RFC},
  number = {675},
  year = {1974},
  month = {December},
  issn = {2070-1721},
  publisher = {RFC Editor},
  institution = {RFC Editor},
  url = {http://www.rfc-editor.org/rfc/rfc675.txt},
  note = {\url{http://www.rfc-editor.org/rfc/rfc675.txt}},
}

@article{chen2021integrated,
  title={An integrated space-to-ground quantum communication network over 4,600 kilometres},
  author={Chen, Yu-Ao and Zhang, Qiang and Chen, Teng-Yun and Cai, Wen-Qi and Liao, Sheng-Kai and Zhang, Jun and Chen, Kai and Yin, Juan and Ren, Ji-Gang and Chen, Zhu and others},
  journal={Nature},
  volume={589},
  number={7841},
  pages={214--219},
  year={2021},
  publisher={Nature Publishing Group UK London},
  comment={China QKD network}
}

@book{clark2018designing,
  title={Designing an internet},
  author={Clark, David D},
  year={2018},
  publisher={MIT Press}
}

@article{ekert1991qcb,
  title={Quantum cryptography based on {Bell's} theorem},
  author={Ekert, A.K.},
  journal={Physical Review Letters},
  volume={67},
  number={6},
  pages={661--663},
  year={1991},
  publisher={APS},
  comment={First QKD using entanglement proposal, I believe.  E91 original.}
}

@Book{gilder08:_age_of_entanglement,
  author = 	 {Louisa Gilder},
  title = 	 {The Age of Entanglement: When Quantum Physics Was Reborn},
  publisher = 	 {Vintage},
  year = 	 2008
  }

@book{gleick2012information,
  title={The information: A history, a theory, a flood},
  author={Gleick, James},
  year={2012},
  edition={illustrated},
  publisher={Vintage}
}

@Article{kimble08:_quant_internet,
  author = 	 {Kimble, H. J.},
  title = 	 {The quantum {Internet}},
  journal = 	 {Nature},
  year = 	 2008,
  volume = 	 453,
  pages = 	 {1023--1030},
  month = 	 jun}

@Book{nielsen-chuang:qci,
  author =	 {Michael A. Nielsen and Isaac L. Chuang},
  title = 	 {Quantum Computation and Quantum Information},
  publisher = 	 {Cambridge University Press},
  year = 	 2000
}

@article{pan2000experimental,
  title={Experimental test of quantum nonlocality in three-photon Greenberger--Horne--Zeilinger entanglement},
  author={Pan, Jian-Wei and Bouwmeester, Dik and Daniell, Matthew and Weinfurter, Harald and Zeilinger, Anton},
  journal={Nature},
  volume={403},
  number={6769},
  pages={515--519},
  year={2000},
  publisher={Nature Publishing Group UK London}
}

@article{perry2019quantum,
  title = {Quantum Computing as a High School Module},
  author = {Perry, Anastasia and Sun, Ranbel and Hughes, Ciaran and Isaacson, Joshua and Turner, Jessica},
  url = {https://www.osti.gov/biblio/1527395}, journal = {},
  place = {United States},
  year = {2019}
} 

@Misc{preskill:PH-CS219,
  author = 	 {John Preskill},
  title = 	 {Lecture notes for PH/CS 219 at Caltech},
  howpublished = {available on the web},
  year = 	 2019,
  URL = {http://www.theory.caltech.edu/~preskill/ph219/index.html#lecture}                  
}

@book{rieffel2011quantum,
  title={Quantum computing: A gentle introduction},
  author={Rieffel, Eleanor G and Polak, Wolfgang H},
  year={2011},
  publisher={MIT Press}
}

@article{sangouard2011quantum,
  title={Quantum repeaters based on atomic ensembles and linear optics},
  author={Sangouard, N. and Simon, C. and De Riedmatten, H. and Gisin, N.},
  journal={Reviews of Modern Physics},
  volume={83},
  number={1},
  pages={33},
  year={2011},
  publisher={APS}
}

@Book{sutor19:dancing,
  author = 	 {Robert S. Sutor},
  title = 	 {Dancing with Qubits},
  publisher = 	 {Packt Publishing},
  year = 	 2019
}

@techreport{touch2006recursive,
  title={A recursive network architecture},
  author={Touch, Joe and Wang, Yu-Shun and Pingali, Venkata},
  journal={ISI, Tech. Rep},
  volume={626},
  year={2006}
}

@Book{van-meter14:_quantum_networking,
  author = 	 {Rodney Van{ }Meter},
  title = 	 {Quantum Networking},
  publisher = 	 {Wiley-ISTE},
  year = 	 2014,
  month = apr
}

@Article{van-meter11:rqrn,
  author = 	 {Rodney Van{ }Meter and Joe Touch and Clare Horsman},
  title = 	 {Recursive Quantum Repeater Networks},
  journal = 	 {Progress in Informatics},
  year = 	 2011,
  month = mar,                  
  number = 8,
  pages = {65--79},
  comment = {QRNA}
}

@book{wilde2013quantum,
  title={Quantum information theory},
  author={Wilde, Mark M},
  year={2013},
  publisher={Cambridge University Press}
}

@book{svelto2010principles,
  title={Principles of lasers},
  author={Svelto, Orazio and Hanna, David C and others},
  volume={1},
  year={2010},
  publisher={Springer New York, NY}
}

@book{strogatz2018nonlinear,
  title={Nonlinear dynamics and chaos with student solutions manual: With applications to physics, biology, chemistry, and engineering},
  author={Strogatz, Steven H},
  year={2018},
  publisher={CRC press}
}

@book{hecht2012optics,
  title={Optics},
  author={Hecht, Eugene},
  year={2015},
  publisher={Pearson}
}

@book{fowles1989introduction,
  title={Introduction to modern optics},
  author={Fowles, Grant R},
  year={1989},
  publisher={Courier Corporation}
}

@book{saleh2019fundamentals,
  title={Fundamentals of photonics},
  author={Saleh, Bahaa EA and Teich, Malvin Carl},
  year={2019},
  publisher={John Wiley \& sons}
}

@book{feynman1971feynman,
  title={The Feynman lectures on physics},
  author={Feynman, Richard Phillips and Leighton, Robert B and Sands, Matthew and others},
  volume={3},
  year={1971},
  publisher={Addison-Wesley Reading, MA}
}

@book{vidick_wehner_2023,
  place={Cambridge},
  title={Introduction to {Q}uantum {C}ryptography},
  publisher={Cambridge University Press},
  author={Vidick, Thomas and Wehner, Stephanie},
  year={2023}
}